% This file was created with JabRef 2.5.
% Encoding: Cp1252

@BOOK{Chein09,
  title = {Graph-based knowledge representation; computational foundations of
	conceptual graphs},
  publisher = {Springer},
  year = {2009},
  author = {Chein, M. and Mugnier, M-L.},
  owner = {gary},
  shorttitle = {GBKR},
  timestamp = {2010.07.21}
}

@TECHREPORT{Haulashore2010a,
  author = {Haulashore},
  title = {A Theory for Invention Analysis and Claim Synthesis},
  year = {2010},
  owner = {gary},
  timestamp = {2010.07.30}
}

@TECHREPORT{Haulashore2010b,
  author = {Haulashore},
  title = {PatentGraph Design Flow},
  year = {2010},
  owner = {gary},
  timestamp = {2010.07.30}
}

@BOOK{Pressman09,
  title = {Patent it Yourself},
  publisher = {Nolo},
  year = {2009},
  author = {Pressman, D.},
  edition = {14},
  owner = {gary},
  timestamp = {2010.07.21}
}

@ARTICLE{Sage00,
  author = {Sage, A.P.},
  title = {Systems engineering education},
  journal = {Systems, Man, and Cybernetics, Part C: Applications and Reviews,
	IEEE Transactions on},
  year = {2000},
  volume = {30},
  pages = {164 -174},
  number = {2},
  month = {May},
  owner = {gary},
  timestamp = {2010.06.17}
}

@BOOK{Slusky07,
  title = {Invention Analysis and Claiming: A Patent Lawyer's Guide},
  publisher = {ABA Publishing},
  year = {2007},
  author = {Slusky, R.D.},
  owner = {gary},
  shorttitle = {IA\&C},
  timestamp = {2010.06.16}
}

@INBOOK{Sowa08,
  chapter = {5},
  pages = {213-237},
  title = {~Handbook of Knowledge Representation},
  publisher = {Elsevier},
  year = {2008},
  author = {Sowa, J.F.},
  owner = {gary},
  shorttitle = {HKR},
  timestamp = {2010.06.16}
}

@BOOK{Sowa00,
  title = {Kowledge Representation; logical, philosophical and computational
	foundations},
  publisher = {Brooks/Cole},
  year = {2000},
  author = {Sowa, J.F.},
  owner = {gary},
  shorttitle = {KR},
  timestamp = {2010.07.21}
}

@BOOK{Sowa84,
  title = {Conceptual Structures; information processing in mind and machine},
  publisher = {Addison-Wesley},
  year = {1984},
  author = {Sowa, J.F.},
  owner = {gary},
  shorttitle = {CS},
  timestamp = {2010.07.21}
}

